@misc{leland_bybee_2025,
  author = {J. Leland Bybee},
  publisher = {University of Chicago Booth school of business},
  title = {The Ghost in the Machine: Generating Beliefs with Large Language
Models},
  year = {2025}
}

@misc{yahoo_finance,
  author       = {{Yahoo Finance}},
  title        = {Yahoo Finance - Stock Market Live, Quotes, Business and Finance News},
  year         = 2024,
  url          = {https://finance.yahoo.com},
  note         = {Accessed: 2024-05-01}
}
